<marcxml:record xmlns:xlink="http://www.w3.org/1999/xlink" xmlns:marcxml="http://www.loc.gov/MARC21/slim" xmlns:mets="http://www.loc.gov/METS/" xmlns:mxe="http://www.loc.gov/mxe" xmlns:rdf="http://www.w3.org/1999/02/22-rdf-syntax-ns#" xmlns:rdfs="http://www.w3.org/2000/01/rdf-schema#" xmlns:skos="http://www.w3.org/2004/02/skos/core#" xmlns:madsrdf="http://www.loc.gov/mads/rdf/v1#" xmlns:ri="http://id.loc.gov/ontologies/RecordInfo#" xmlns:sem="http://marklogic.com/semantics">
  <marcxml:leader>01830cz  a2200349n  4500</marcxml:leader>
  <marcxml:controlfield tag="001">n80040575</marcxml:controlfield>
  <marcxml:controlfield tag="003">DLC</marcxml:controlfield>
  <marcxml:controlfield tag="005">20150404070238.0</marcxml:controlfield>
  <marcxml:controlfield tag="008">800725n| azannaabn          |a ana      </marcxml:controlfield>
  <marcxml:datafield tag="010" ind1=" " ind2=" ">
    <marcxml:subfield code="a">n  80040575 </marcxml:subfield>
  </marcxml:datafield>
  <marcxml:datafield tag="035" ind1=" " ind2=" ">
    <marcxml:subfield code="a">(OCoLC)oca00422641</marcxml:subfield>
  </marcxml:datafield>
  <marcxml:datafield tag="040" ind1=" " ind2=" ">
    <marcxml:subfield code="a">DLC</marcxml:subfield>
    <marcxml:subfield code="b">eng</marcxml:subfield>
    <marcxml:subfield code="e">rda</marcxml:subfield>
    <marcxml:subfield code="c">DLC</marcxml:subfield>
    <marcxml:subfield code="d">DLC</marcxml:subfield>
    <marcxml:subfield code="d">NjP</marcxml:subfield>
    <marcxml:subfield code="d">DLC</marcxml:subfield>
    <marcxml:subfield code="d">OCoLC</marcxml:subfield>
    <marcxml:subfield code="d">DLC</marcxml:subfield>
    <marcxml:subfield code="d">ItFiC</marcxml:subfield>
    <marcxml:subfield code="d">UPB</marcxml:subfield>
  </marcxml:datafield>
  <marcxml:datafield tag="110" ind1="2" ind2=" ">
    <marcxml:subfield code="a">Museo nazionale romano</marcxml:subfield>
  </marcxml:datafield>
  <marcxml:datafield tag="368" ind1=" " ind2=" ">
    <marcxml:subfield code="a">Museums</marcxml:subfield>
    <marcxml:subfield code="2">lcsh</marcxml:subfield>
  </marcxml:datafield>
  <marcxml:datafield tag="370" ind1=" " ind2=" ">
    <marcxml:subfield code="e">Rome (Italy)</marcxml:subfield>
    <marcxml:subfield code="2">naf</marcxml:subfield>
  </marcxml:datafield>
  <marcxml:datafield tag="410" ind1="2" ind2=" ">
    <marcxml:subfield code="a">Museo nazionale romano alle Terme di Diocleziano (Italy)</marcxml:subfield>
  </marcxml:datafield>
  <marcxml:datafield tag="410" ind1="2" ind2=" ">
    <marcxml:subfield code="a">Museo delle Terme (Italy)</marcxml:subfield>
  </marcxml:datafield>
  <marcxml:datafield tag="410" ind1="1" ind2=" ">
    <marcxml:subfield code="w">nnaa</marcxml:subfield>
    <marcxml:subfield code="a">Rome (City).</marcxml:subfield>
    <marcxml:subfield code="b">Museo nazionale romano.</marcxml:subfield>
  </marcxml:datafield>
  <marcxml:datafield tag="410" ind1="2" ind2=" ">
    <marcxml:subfield code="a">Museo nazionale romano Terme Diocleziano</marcxml:subfield>
  </marcxml:datafield>
  <marcxml:datafield tag="410" ind1="2" ind2=" ">
    <marcxml:subfield code="a">Palazzo Massimo alle Terme</marcxml:subfield>
  </marcxml:datafield>
  <marcxml:datafield tag="410" ind1="2" ind2=" ">
    <marcxml:subfield code="a">Museo nazionale romano Terme di Diocleziano</marcxml:subfield>
  </marcxml:datafield>
  <marcxml:datafield tag="410" ind1="2" ind2=" ">
    <marcxml:subfield code="a">Museo nazionale romano in Palazzo Altemps</marcxml:subfield>
  </marcxml:datafield>
  <marcxml:datafield tag="410" ind1="2" ind2=" ">
    <marcxml:subfield code="a">Museo nazionale romano di Palazzo Massimo</marcxml:subfield>
  </marcxml:datafield>
  <marcxml:datafield tag="410" ind1="2" ind2=" ">
    <marcxml:subfield code="a">Museo di Palazzo Massimo</marcxml:subfield>
  </marcxml:datafield>
  <marcxml:datafield tag="667" ind1=" " ind2=" ">
    <marcxml:subfield code="a">Do not confuse with Palazzo Massimo alle Colonne</marcxml:subfield>
  </marcxml:datafield>
  <marcxml:datafield tag="670" ind1=" " ind2=" ">
    <marcxml:subfield code="a">Its Museo nazionale romano ... 1909.</marcxml:subfield>
  </marcxml:datafield>
  <marcxml:datafield tag="670" ind1=" " ind2=" ">
    <marcxml:subfield code="a">Antiche stanze, c1996:</marcxml:subfield>
    <marcxml:subfield code="b">t.p. (Museo nazionale romano Terme Diocleziano)</marcxml:subfield>
  </marcxml:datafield>
  <marcxml:datafield tag="670" ind1=" " ind2=" ">
    <marcxml:subfield code="a">Arte tardoantica in Palazzo Massimo alle Terme, c1998:</marcxml:subfield>
    <marcxml:subfield code="b">t.p. (Museo nazionale romano)</marcxml:subfield>
  </marcxml:datafield>
  <marcxml:datafield tag="670" ind1=" " ind2=" ">
    <marcxml:subfield code="a">Roma e dintorni, 1977</marcxml:subfield>
    <marcxml:subfield code="b">(Museo nazionale romano, inaugurated 1889, occupies part of the former Convento dei Certosini di S. Maria degli Angeli, at the site of the Baths of Diocletian)</marcxml:subfield>
  </marcxml:datafield>
  <marcxml:datafield tag="670" ind1=" " ind2=" ">
    <marcxml:subfield code="a">Museo nazionale romano Terme di Diocelziano, c2002:</marcxml:subfield>
    <marcxml:subfield code="b">p. 35 (collections of the Museo nazionale romano are housed in various buildings: Palazzo Massimo, Palazzo Altemps, Crypta Balbi, Terme di Diocleziano)</marcxml:subfield>
  </marcxml:datafield>
  <marcxml:datafield tag="670" ind1=" " ind2=" ">
    <marcxml:subfield code="a">Il sorriso di Dioniso, c2010:</marcxml:subfield>
    <marcxml:subfield code="b">t.p. verso (Museo nazionale romano in Palazzo Altemps)</marcxml:subfield>
  </marcxml:datafield>
  <marcxml:datafield tag="670" ind1=" " ind2=" ">
    <marcxml:subfield code="a">I segni del potere, 2011:</marcxml:subfield>
    <marcxml:subfield code="b">p. 7 (Museo nazionale romano di Palazzo Massimo; Museo di Palazzo Massimo)</marcxml:subfield>
  </marcxml:datafield>
</marcxml:record>
